@article{1, 
    title={Image synthesis pipeline for CNN-based Sensing Systems},
    volume={22},
    DOI={10.3390/s22062080},
    number={6},
    journal={Sensors}, 
    author={Frolov, Vladimir and Faizov, Boris and Shakhuro, Vlad and Sanzharov, Vadim and Konushin, Anton and Galaktionov, Vladimir and Voloboy, Alexey}, year={2022}, pages={2080}} 

@online {dnt2020,
    author = {Thomas Wiggers and Douwe {van der Wal} and Hidde {Lekanne gezegd Deprez} and Wouter Zwerink and Pieter Kronemeijer},
    title = {Technical Report},
    year = 2020,
    url = {https://www.dutchnaoteam.nl/publications/2020/Wiggers2020.pdf},
    urldate = {2023-4-5}
}

@misc{googlenet, title={Going deeper with convolutions}, url={https://arxiv.org/abs/1409.4842}, journal={arXiv.org}, author={Szegedy, Christian and Liu, Wei and Jia, Yangqing and Sermanet, Pierre and Reed, Scott and Anguelov, Dragomir and Erhan, Dumitru and Vanhoucke, Vincent and Rabinovich, Andrew}, year={2014}, month={Sep}} 

@INPROCEEDINGS{nuscenes,
  title={nuScenes: A multimodal dataset for autonomous driving},
  author={Holger Caesar and Varun Bankiti and Alex H. Lang and Sourabh Vora and 
          Venice Erin Liong and Qiang Xu and Anush Krishnan and Yu Pan and 
          Giancarlo Baldan and Oscar Beijbom}, 
  booktitle={CVPR},
  year=2020
}

@online {DNT2018,
    author = {Hidde {Lekanne gezegd Deprez} and Douwe {van der Wal} and Pieter Kronemeijer and Michiel {van der Meer} and Linda Petrini and Thomas Groot and Jier Nzuanzu and Caitlin Lagrand},
    title = {Technical Report},
    year = 2018,
    url = {https://www.dutchnaoteam.nl/publications/2018/LekannegezegdDeprez2018.pdf},
    urldate = {2023-4-5}
}

@misc {hidde,
  author = {Hidde Lekanne gezegd Deprez},
  title = {Enhancing simulation images with GANs},
  url={https://www.dutchnaoteam.nl/publications/2020/gezegdDeprez2020b.pdf},
  year = {2020},
  date = {2020-07-03}
}

@misc{unity, 
title={Unity perception: Generate synthetic data for Computer Vision}, url={https://arxiv.org/abs/2107.04259}, 
journal={arXiv.org}, 
author={Borkman, Steve and Crespi, Adam and Dhakad, Saurav and Ganguly, Sujoy and Hogins, Jonathan and Jhang, You-Cyuan and Kamalzadeh, Mohsen and Li, Bowen and Leal, Steven and Parisi, Pete and et al.}, 
year={2021}, 
month={Jul},
howpublished={arXiv preprint 2107.04259}
} 

@article{challenges,
author = {Monteiro, Sérgio and Ribeiro, Fernando and Garrido, Paulo},
year = {2001},
month = {04},
pages = {},
title = {Problems and Solutions in Middle Size Robot Soccer–A Review}
}

@misc{KornblithShlensLe2019, 
title={Do Better Imagenet Models Transfer Better?}, 
url={https://arxiv.org/abs/1805.08974}, 
journal={arXiv.org}, 
author={Kornblith, Simon and Shlens, Jonathon and Le, Quoc V.}, year={2019}, 
month={Jun},
howpublished={arXiv preprint 1805.08974}
} 

@misc{virt, title={Learning to navigate in cities without a map}, url={https://arxiv.org/abs/1804.00168}, journal={arXiv.org}, author={Mirowski, Piotr and Grimes, Matthew Koichi and Malinowski, Mateusz and Hermann, Karl Moritz and Anderson, Keith and Teplyashin, Denis and Simonyan, Karen and Kavukcuoglu, Koray and Zisserman, Andrew and Hadsell, Raia}, year={2019}, month={Jan}} 

@misc{edge, title={Virtual-to-real: Learning to control in visual semantic segmentation}, url={https://arxiv.org/abs/1802.00285}, journal={arXiv.org}, author={Hong, Zhang-Wei and Yu-Ming, Chen and Su, Shih-Yang and Shann, Tzu-Yun and Chang, Yi-Hsiang and Yang, Hsuan-Kung and Ho, Brian Hsi-Lin and Tu, Chih-Chieh and Chang, Yueh-Chuan and Hsiao, Tsu-Ching and et al.}, year={2018}, month={Oct}} 

@misc{6impose, title={6impose: Bridging the reality gap in 6D pose estimation for robotic grasping}, url={https://arxiv.org/abs/2208.14288}, journal={arXiv.org}, author={Cao, Hongpeng and Dirnberger, Lukas and Bernardini, Daniele and Piazza, Cristina and Caccamo, Marco}, year={2023}, month={Mar}} 

@misc{sim2real, title={Sim-to-real transfer of robotic control with Dynamics Randomization}, url={https://arxiv.org/abs/1710.06537}, journal={arXiv.org}, author={Peng, Xue Bin and Andrychowicz, Marcin and Zaremba, Wojciech and Abbeel, Pieter}, year={2018}, month={Mar}} 

@inproceedings{liftsplatshoot,
    title={Lift, Splat, Shoot: Encoding Images From Arbitrary Camera Rigs by Implicitly Unprojecting to 3D},
    author={Jonah Philion and Sanja Fidler},
    booktitle={Proceedings of the European Conference on Computer Vision},
    year={2020},
}

@techreport {dnt2022,
  title = {Dutch Nao Team - Technical Report},
  author = {Lex Bolt and Fyor Klein Gunnewiek and Hidde Lekanne gezegd Deprez and Lasse van Iterson and Derck Prinzhorn},
  year = {2022},
  date = {2022-12-26},
  tags = {Technical-Report},
  url = {https://www.dutchnaoteam.nl/publications/2022/Bolt2022.pdf}
}

@misc{robust, title={Adversarial examples in the physical world}, url={https://arxiv.org/abs/1607.02533}, journal={arXiv.org}, author={Kurakin, Alexey and Goodfellow, Ian and Bengio, Samy}, year={2017}, month={Feb}} 

@misc{flex, title={Deep residual learning for image recognition}, url={https://arxiv.org/abs/1512.03385}, journal={arXiv.org}, author={He, Kaiming and Zhang, Xiangyu and Ren, Shaoqing and Sun, Jian}, year={2015}, month={Dec}} 

@misc{pointpillar, title={Pointpillars: Fast encoders for object detection from point clouds}, url={https://arxiv.org/abs/1812.05784}, journal={arXiv.org}, author={Lang, Alex H. and Vora, Sourabh and Caesar, Holger and Zhou, Lubing and Yang, Jiong and Beijbom, Oscar}, year={2019}, month={May}} 

@ARTICLE{accuracy,
  author={Giusti, Alessandro and Guzzi, Jérôme and Cireşan, Dan C. and He, Fang-Lin and Rodríguez, Juan P. and Fontana, Flavio and Faessler, Matthias and Forster, Christian and Schmidhuber, Jürgen and Caro, Gianni Di and Scaramuzza, Davide and Gambardella, Luca M.},
  journal={IEEE Robotics and Automation Letters}, 
  title={A Machine Learning Approach to Visual Perception of Forest Trails for Mobile Robots}, 
  year={2016},
  volume={1},
  number={2},
  pages={661-667},
  doi={10.1109/LRA.2015.2509024}}

@InProceedings{sitaware,
author = {Wu, Pengxiang and Chen, Siheng and Metaxas, Dimitris N.},
title = {MotionNet: Joint Perception and Motion Prediction for Autonomous Driving Based on Bird's Eye View Maps},
booktitle = {Proceedings of the IEEE/CVF Conference on Computer Vision and Pattern Recognition (CVPR)},
month = {June},
year = {2020}
}
@techreport {rogier,
  title = {Project AI: Real-time object detection and avoidance for autonomous Nao Robots performing in the Standard Platform League},
  author = {Rogier van der Weerd},
  url={https://www.dutchnaoteam.nl/publications/2021/Weerd2021.pdf},
  year = {2021},
  date = {2021-07-13},
  tags = {Msc, Object-Detection, YOLO}
}
@article{DBLP:journals/corr/abs-1709-08429,
  author       = {Sen Wang and
                  Ronald Clark and
                  Hongkai Wen and
                  Niki Trigoni},
  title        = {DeepVO: Towards End-to-End Visual Odometry with Deep Recurrent Convolutional
                  Neural Networks},
  journal      = {CoRR},
  volume       = {abs/1709.08429},
  year         = {2017},
  url          = {http://arxiv.org/abs/1709.08429},
  eprinttype    = {arXiv},
  eprint       = {1709.08429},
  timestamp    = {Thu, 22 Oct 2020 17:01:22 +0200},
  biburl       = {https://dblp.org/rec/journals/corr/abs-1709-08429.bib},
  bibsource    = {dblp computer science bibliography, https://dblp.org}
}

@inproceedings{posest,
  title={3D Position Estimation using Deep Learning},
  author={Filippo Pedrazzini},
  year={2018}
}

@INPROCEEDINGS{ex1,
  author={Taeone Kim and Yongduek Seo and Ki-Sang Hong},
  booktitle={Sixth International Conference on Computer Vision (IEEE Cat. No.98CH36271)}, 
  title={Physics-based 3D position analysis of a soccer ball from monocular image sequences}, 
  year={1998},
  volume={},
  number={},
  pages={721-726},
  doi={10.1109/ICCV.1998.710797}}

@article{ex2,
title = {Physics-based ball tracking and 3D trajectory reconstruction with applications to shooting location estimation in basketball video},
journal = {Journal of Visual Communication and Image Representation},
volume = {20},
number = {3},
pages = {204-216},
year = {2009},
issn = {1047-3203},
doi = {https://doi.org/10.1016/j.jvcir.2008.11.008},
url = {https://www.sciencedirect.com/science/article/pii/S104732030800117X},
author = {Hua-Tsung Chen and Ming-Chun Tien and Yi-Wen Chen and Wen-Jiin Tsai and Suh-Yin Lee}
}

@misc{cnn, title={Deep learning}, url={https://www.nature.com/articles/nature14539}, journal={Nature News}, publisher={Nature Publishing Group}, author={LeCun, Yann and Bengio, Yoshua and Hinton, Geoffrey}, year={2015}, month={May}} 

@misc{Explained, url={https://paperswithcode.com/method/vgg}, journal={Explained | Papers With Code}} 
@misc{vgg, title={Very deep convolutional networks for large-scale image recognition}, url={https://arxiv.org/abs/1409.1556}, journal={arXiv.org}, author={Simonyan, Karen and Zisserman, Andrew}, year={2015}, month={Apr}} 
@misc{relu, title={Deep learning using rectified linear units (ReLU)}, url={https://arxiv.org/abs/1803.08375}, journal={arXiv.org}, author={Agarap, Abien Fred}, year={2019}, month={Feb}} 

@article{avgdistance, title={THE AVERAGE DISTANCE BETWEEN TWO POINTS}, volume={80}, DOI={10.1017/S0004972709000707}, number={3}, journal={Bulletin of the Australian Mathematical Society}, publisher={Cambridge University Press}, author={BURGSTALLER, BERNHARD and PILLICHSHAMMER, FRIEDRICH}, year={2009}, pages={353–359}}

@misc{ex1, title={BirdNet: A 3D object detection framework from Lidar Information}, url={https://arxiv.org/abs/1805.01195}, journal={arXiv.org}, author={Beltran, Jorge and Guindel, Carlos and Moreno, Francisco Miguel and Cruzado, Daniel and Garcia, Fernando and de la Escalera, Arturo}, year={2018}, month={May}} 

@inproceedings{ex2,
author = {Du, Xianzhi and El-Khamy, Mostafa and Lee, Jungwon and Davis, Larry},
year = {2017},
month = {03},
pages = {953-961},
title = {Fused DNN: A Deep Neural Network Fusion Approach to Fast and Robust Pedestrian Detection},
doi = {10.1109/WACV.2017.111}
}